<record><leader>00000cas a2200000 a 4500</leader><controlfield tag="001">24802836</controlfield><controlfield tag="008">911118d18561857iluwr ne      0   a0eng c</controlfield><datafield ind1=" " ind2=" " tag="010"><subfield code="a">sn 91054187 </subfield></datafield><datafield ind1=" " ind2=" " tag="040"><subfield code="a">NVF</subfield><subfield code="b">eng</subfield><subfield code="c">NVF</subfield><subfield code="d">OCL</subfield><subfield code="d">NVF</subfield><subfield code="d">OCLCQ</subfield><subfield code="d">OCLCF</subfield><subfield code="d">OCLCO</subfield><subfield code="d">NVF</subfield><subfield code="d">OCLCO</subfield><subfield code="d">OCL</subfield></datafield><datafield ind1=" " ind2=" " tag="042"><subfield code="a">pcc</subfield></datafield><datafield ind1=" " ind2=" " tag="043"><subfield code="a">n-us-il</subfield></datafield><datafield ind1="0" ind2=" " tag="130"><subfield code="a">St. Clair weekly tribune (Belleville, Ill. : 1856)</subfield></datafield><datafield ind1="1" ind2="0" tag="245"><subfield code="a">St. Clair weekly tribune.</subfield></datafield><datafield ind1="3" ind2=" " tag="246"><subfield code="a">Saint Clair weekly tribune</subfield></datafield><datafield ind1=" " ind2=" " tag="260"><subfield code="a">Belleville, Ill. :</subfield><subfield code="b">G.A. Harvey,</subfield><subfield code="c">1856-1857.</subfield></datafield><datafield ind1=" " ind2=" " tag="300"><subfield code="a">volumes</subfield></datafield><datafield ind1=" " ind2=" " tag="310"><subfield code="a">Weekly</subfield></datafield><datafield ind1="0" ind2=" " tag="362"><subfield code="a">Vol. 3, no. 39 (Nov. 8, 1856)-v. 4, no. 10 (Apr. 17, 1857).</subfield></datafield><datafield ind1=" " ind2="0" tag="651"><subfield code="a">Belleville (Ill.)</subfield><subfield code="v">Newspapers.</subfield></datafield><datafield ind1=" " ind2="0" tag="651"><subfield code="a">Saint Clair County (Ill.)</subfield><subfield code="v">Newspapers.</subfield></datafield><datafield ind1=" " ind2="7" tag="651"><subfield code="a">Illinois</subfield><subfield code="z">Saint Clair County.</subfield><subfield code="2">fast</subfield><subfield code="0">(OCoLC)fst01204547</subfield></datafield><datafield ind1=" " ind2="7" tag="651"><subfield code="a">Illinois</subfield><subfield code="z">Belleville.</subfield><subfield code="2">fast</subfield><subfield code="0">(OCoLC)fst01202799</subfield></datafield><datafield ind1=" " ind2="7" tag="655"><subfield code="a">Newspapers.</subfield><subfield code="2">fast</subfield><subfield code="0">(OCoLC)fst01423814</subfield></datafield><datafield ind1=" " ind2=" " tag="752"><subfield code="a">United States</subfield><subfield code="b">Illinois</subfield><subfield code="c">Saint Clair County</subfield><subfield code="d">Belleville.</subfield></datafield><datafield ind1="0" ind2="0" tag="780"><subfield code="t">Weekly St. Clair tribune</subfield><subfield code="w">(DLC)sn 91054186</subfield><subfield code="w">(OCoLC)24802781</subfield></datafield><datafield ind1="0" ind2="0" tag="785"><subfield code="t">Weekly Belleville tribune</subfield><subfield code="w">(DLC)sn 91054188</subfield><subfield code="w">(OCoLC)24802880</subfield></datafield><datafield ind1="1" ind2=" " tag="029"><subfield code="a">AU@</subfield><subfield code="b">000020225988</subfield></datafield></record>